%% This BibTeX bibliography file was created using BibDesk.
%% http://bibdesk.sourceforge.net/

%% Created for Timo Sch√§fer at 2016-12-10 00:05:50 +0100 


%% Saved with string encoding Unicode (UTF-8) 



@book{Rowling2015,
	Author = {Rowling, J.K. AND Fritz, Klaus},
	Date-Added = {2016-12-09 23:04:56 +0000},
	Date-Modified = {2016-12-09 23:04:56 +0000},
	Isbn = {978-1-781-10244-2},
	Publisher = {Pottermore},
	Title = {Harry Potter und die Heiligt{\"u}mer des Todes -},
	Year = {2015}}
